@article{arenas-2024-testing,
author={Arenas, Miguel and Butash, Callie and Chin, Jake and Malhotra, Kriti and Nealon, Grace and Rofman, Petra},
year={2024},
title={Testing {N}ewton's second law in an accelerating system},
journal={Journal of Science \& Engineering},
volume={1},
pages={1--3}}

@article{avalur-2024-verifying,
author={Avalur, Dia and Dantu, Srilekha and Lin, Jophy and Tokala, Anika},
year={2024},
title={Verifying {N}ewton's second law: the relationship between force and acceleration},
journal={Journal of Science \& Engineering},
volume={1},
pages={5--7}}

@article{barone-2024-investigating,
author={Barone, Andrew and Gut, Alexander and Kilaru, Rishith and Swami, Shrikar},
year={2024},
title={Investigating {N}ewton's first law in a pulley system},
journal={Journal of Science \& Engineering},
volume={1},
pages={9--10}}

@article{canada-2024-experimental,
author={Canada, Cole and D'Agostino, Stefano and Fuks, Ethan and Katz, Jason and Leung, Ryan and Lee, Edmund},
year={2024},
title={Experimental support for {N}ewton's second law},
journal={Journal of Science \& Engineering},
volume={1},
pages={11--13}}

@article{govardhanen-2024-newtons,
author={Govardhanen, Vasudevan and Grant, Gage and Dumalagan, Aidan and Akula, Tushaar and Jajoo, Daivik and Avalur, Rohan and Sikdar, Adrit and Cacciarelli, Jake},
year={2024},
title={{N}ewton's second law as demonstrated in a cart-pulley-mass system},
journal={Journal of Science \& Engineering},
volume={1},
pages={15--16}}

@article{kedharnath-2024-examining,
author={Kedharnath, Siddhart and Prabhu, Samay and Altman, Daniel and D'Souza, Joel},
year={2024},
title={Examining the relationship between the net force and acceleration in a pulley system},
journal={Journal of Science \& Engineering},
volume={1},
pages={17--20}}

@article{kishore-2024-relationship,
author={Kishore, Nitika and Patil, Sameera and Lavrenov, Anton and Paskiewicz, Connor},
year={2024},
title={Relationship between {N}ewton's second law and acceleration, mass, and force},
journal={Journal of Science \& Engineering},
volume={1},
pages={21--22}}

@article{krasnopolsky-2024-testing,
author={Krasnopolsky, Sharone and Neyir, Timur and Gorelczenko, Brady},
year={2024},
title={Testing {N}ewton's second law with cart and mass},
journal={Journal of Science \& Engineering},
volume={1},
pages={23-25}}

@article{perle-2024-experimental,
author={Fox, Andrew and Heller, Brandon and Parekh, Dev and Perle, Joshua and Stevens, Clay},
year={2024},
title={Experimental investigation of {N}ewton's second law using a two-mass pulley system},
journal={Journal of Science \& Engineering},
volume={1},
pages={27--29}}

@article{yagnyeshwaran-2024-verifying,
author={Yagnyeshwaran, Sagarika and Chen, Emily and Kabatsky, Andrew and Guimaraes, Aleksandra and Ayyangar, Vijita and Cetrulo, Aryanna},
year={2024},
title={Verifying $\sum\vec{F}=m\vec{a}$},
journal={Journal of Science \& Engineering},
volume={1},
pages={31--34}}

@Manual{R-2024,
    title = {R: A Language and Environment for Statistical Computing},
    author = {{R Core Team}},
    organization = {R Foundation for Statistical Computing},
    address = {Vienna, Austria},
    year = {2024},
    url = {https://www.R-project.org/},
  }

@Book{ggplot2-2024,
    author = {Hadley Wickham},
    title = {ggplot2: Elegant Graphics for Data Analysis},
    publisher = {Springer-Verlag New York},
    year = {2016},
    isbn = {978-3-319-24277-4},
    url = {https://ggplot2.tidyverse.org},
  }


